@book{lamport.94:LaTeX,
    author	=	{Lamport, Leslie},
    title	=	{LaTeX, A Document Preparation System: User's Guide and Reference Manual},
    year	=	{1994},
    publisher	=	{Addison-Wesley},
    address	=	{Reading, Massachusetts},
    edition	=	{Second}
}

@book{knuth.84:TeXbook,
    author	=	{Knuth, Donald},
    title	=	{The \TeX{} book},
    year	=	{1984},
    publisher	=	{Addison-Wesley},
    address	=	{Reading, Massachusetts},
    edition	=	{First}
}